% This file was created with JabRef 2.8.
% Encoding: UTF-8

@TECHREPORT{Chase2013,
  author = {Jim Chase},
  title = {The Evolution of the {Internet of Things}},
  institution = {Texas Instruments},
  year = {2013},
  owner = {andrew},
  timestamp = {2013.10.22}
}

@ARTICLE{Lau2013,
  author = {Wanda Lau},
  title = {2013 {R+D Awards}},
  journal = {ARCHITECT},
  year = {2013},
  volume = {July},
  pages = {108-111},
  owner = {andrew},
  timestamp = {2013.10.22}
}

@ELECTRONIC{Smith2011,
  author = {Scott F. Smith},
  month = {June},
  year = {2011},
  title = {ecoMOD 4},
  howpublished = {Web},
  organization = {ecoMOD Project},
  url = {http://ecomod.virginia.edu/wp-content/uploads/2010/02/SFSmith_110602_8113-copy-500x705.jpg},
  owner = {andrew},
  timestamp = {2013.10.21}
}

@article{fielding2002principled,
  title={Principled design of the modern Web architecture},
  author={Fielding, Roy T and Taylor, Richard N},
  journal={ACM Transactions on Internet Technology (TOIT)},
  volume={2},
  number={2},
  pages={115--150},
  year={2002},
  publisher={ACM}
}

@comment{jabref-meta: selector_review:}

@comment{jabref-meta: selector_publisher:}

@comment{jabref-meta: selector_author:}

@comment{jabref-meta: selector_journal:}

@comment{jabref-meta: selector_keywords:}

